@phdthesis{trojk_2023_sov,
  author = {Troják, Jan},
  month = {05},
  title = {Síťová komunikace aplikací v Kubernetes s externími zařízeními v privátní síti},
  url = {https://projects.fit.cvut.cz/theses/4687},
  urldate = {2023-05-10},
  year = {2023}
}

@misc{trojk_2023_matematick,
  author = {Troják, Jan},
  month = {03},
  title = {Matematický aparát pro RSA},
  url = {https://blog.dvojak.cz/pages/sec/crypto/rsa.html},
  year = {2023}
}

@misc{trojk_2023_postrann,
  author = {Troják, Jan},
  month = {03},
  title = {Postranní kanály},
  url = {https://blog.dvojak.cz/pages/sec/postrani_kanal/postranni_kanal.html},
  year = {2023}
}

@misc{trojk_2023_aes,
  author = {Troják, Jan},
  month = {03},
  title = {AES},
  url = {https://blog.dvojak.cz/pages/sec/AES/AES.html},
  year = {2023}
}
